@MISC{MGL164,
    title =     {Commonwealth of Massachusetts, Chapter 164},
    author = {General Court of the Commonwealth of Massachusetts},
    howpublished = {On the web at the URL:
        \url{https://malegislature.gov/Laws/GeneralLaws/PartI/TitleXXII/Chapter164}}
}
@MISC{Classroom2017,
    title =     {Elected Vs. Appointed Local Government},
    author = {Chantelle Peters},
    howpublished = {On the web at the URL:
        \url{https://classroom.synonym.com/elected-vs-appointed-local-government-12080845.html}}
}
